@article{Constantine:2009:Random,
  Author =       {Constantine, Paul G and Gleich, David F},
  Journal =      {Internet Mathematics},
  Number =       2,
  Pages =        {189--236},
  Publisher =    {Taylor \& Francis},
  Title =        {Random alpha pagerank},
  Volume =       6,
  Year =         2009,
}